2018-07-16T12:38:41.045Z;2803.5;2;Ask;
2018-07-16T12:38:41.538Z;2803.5;2;Ask;
2018-07-16T12:38:41.730Z;2803.5;2;Ask;
2018-07-16T12:38:41.928Z;2803.5;2;Ask;
2018-07-16T12:38:42.178Z;2803.5;2;Ask;
2018-07-16T12:38:42.546Z;2803.5;2;Ask;
2018-07-16T12:38:42.546Z;2803.5;2;Ask;
2018-07-16T12:38:42.546Z;2803.5;2;Ask;
2018-07-16T12:38:43.717Z;2803.5;2;Ask;
2018-07-16T12:38:44.725Z;2803.5;2;Ask;
2018-07-16T12:38:45.115Z;2803.5;2;Ask;
2018-07-16T12:38:45.115Z;2803.5;2;Ask;
2018-07-16T12:38:45.756Z;2803.5;2;Ask;
2018-07-16T12:38:45.961Z;2803.5;2;Ask;
2018-07-16T12:38:46.070Z;2803.5;2;Ask;
2018-07-16T12:38:47.290Z;2803.5;2;Ask;
2018-07-16T12:38:47.417Z;2803.5;2;Ask;
2018-07-16T12:38:47.417Z;2803.5;2;Ask;
2018-07-16T12:38:47.965Z;2803.5;2;Ask;
2018-07-16T12:38:48.028Z;2803.5;2;Ask;
2018-07-16T12:38:48.697Z;2803.5;2;Ask;
2018-07-16T12:38:49.336Z;2803.5;2;Ask;
2018-07-16T12:38:49.336Z;2803.5;2;Ask;
2018-07-16T12:38:49.884Z;2803.5;2;Ask;
2018-07-16T12:38:49.884Z;2803.5;2;Ask;
2018-07-16T12:38:49.884Z;2803.5;2;Ask;
2018-07-16T12:38:52.488Z;2803.5;2;Ask;
2018-07-16T12:38:52.950Z;2803.5;2;Ask;
2018-07-16T12:38:53.157Z;2803.5;2;Ask;
2018-07-16T12:38:53.943Z;2803.5;2;Ask;
2018-07-16T12:38:53.943Z;2803.5;2;Ask;
2018-07-16T12:38:54.362Z;2803.5;2;Ask;
2018-07-16T12:38:54.362Z;2803.5;2;Ask;
2018-07-16T12:38:54.362Z;2803.5;2;Ask;
2018-07-16T12:38:54.362Z;2803.5;2;Ask;
2018-07-16T12:38:55.962Z;2803.5;2;Ask;
2018-07-16T12:38:56.326Z;2803.5;2;Ask;
2018-07-16T12:38:56.287Z;2803.25;1;Bid;
2018-07-16T12:38:56.287Z;2803.25;1;Bid;
2018-07-16T12:38:56.472Z;2803.25;1;Bid;
2018-07-16T12:38:56.626Z;2803.25;1;Bid;
2018-07-16T12:38:56.928Z;2803.25;1;Bid;
2018-07-16T12:38:57.354Z;2803.25;1;Bid;
2018-07-16T12:38:57.354Z;2803.25;1;Bid;
2018-07-16T12:38:58.071Z;2803.25;1;Bid;
2018-07-16T12:38:58.071Z;2803.25;1;Bid;
2018-07-16T12:38:58.071Z;2803.25;1;Bid;
2018-07-16T12:38:59.805Z;2803.25;1;Bid;
2018-07-16T12:38:59.793Z;2803.25;6;Bid;
2018-07-16T12:39:00.326Z;2803.25;6;Bid;
2018-07-16T12:39:00.319Z;2803.5;1;Ask;
2018-07-16T12:39:00.319Z;2803.5;1;Ask;
2018-07-16T12:39:00.523Z;2803.5;1;Ask;
2018-07-16T12:39:00.659Z;2803.5;1;Ask;
2018-07-16T12:39:00.628Z;2803.25;1;Bid;
2018-07-16T12:39:00.815Z;2803.25;1;Bid;
2018-07-16T12:39:01.135Z;2803.25;1;Bid;
2018-07-16T12:39:01.356Z;2803.25;1;Bid;
2018-07-16T12:39:01.715Z;2803.25;1;Bid;
2018-07-16T12:39:02.066Z;2803.25;1;Bid;
2018-07-16T12:39:02.211Z;2803.25;1;Bid;
2018-07-16T12:39:02.460Z;2803.25;1;Bid;
2018-07-16T12:39:02.460Z;2803.25;1;Bid;
2018-07-16T12:39:02.914Z;2803.25;1;Bid;
2018-07-16T12:39:03.373Z;2803.25;1;Ask;
2018-07-16T12:39:03.254Z;2803;3;Bid;
2018-07-16T12:39:03.349Z;2803.25;2;Ask;
2018-07-16T12:39:03.548Z;2803.25;2;Ask;
2018-07-16T12:39:03.897Z;2803.25;2;Ask;
2018-07-16T12:39:04.369Z;2803.25;2;Ask;
2018-07-16T12:39:04.509Z;2803.25;2;Ask;
2018-07-16T12:39:04.449Z;2803.25;2;Ask;
2018-07-16T12:39:04.449Z;2803.25;2;Ask;
2018-07-16T12:39:04.449Z;2803.25;2;Ask;
2018-07-16T12:39:04.947Z;2803.25;2;Ask;
2018-07-16T12:39:04.947Z;2803.25;2;Ask;
2018-07-16T12:39:05.296Z;2803.25;2;Ask;
2018-07-16T12:39:05.896Z;2803.25;2;Ask;
2018-07-16T12:39:06.373Z;2803.25;2;Ask;
2018-07-16T12:39:06.373Z;2803.25;2;Ask;
2018-07-16T12:39:07.178Z;2803.25;2;Ask;
2018-07-16T12:39:07.178Z;2803.25;2;Ask;
2018-07-16T12:39:07.385Z;2803.25;2;Ask;
2018-07-16T12:39:07.784Z;2803.25;2;Ask;
2018-07-16T12:39:07.788Z;2803.25;2;Ask;
2018-07-16T12:39:07.788Z;2803.25;2;Ask;
2018-07-16T12:39:08.267Z;2803.25;2;Ask;
2018-07-16T12:39:08.267Z;2803.25;2;Ask;
2018-07-16T12:39:09.788Z;2803.25;2;Ask;
2018-07-16T12:39:09.788Z;2803.25;2;Ask;
2018-07-16T12:39:10.119Z;2803.25;2;Ask;
2018-07-16T12:39:10.119Z;2803.25;2;Ask;
2018-07-16T12:39:10.119Z;2803.25;2;Ask;
2018-07-16T12:39:10.119Z;2803.25;2;Ask;
2018-07-16T12:39:11.743Z;2803.25;2;Ask;
2018-07-16T12:39:11.960Z;2803.25;2;Ask;
2018-07-16T12:39:11.960Z;2803.25;2;Ask;
2018-07-16T12:39:13.134Z;2803.25;2;Ask;
2018-07-16T12:39:13.134Z;2803.25;2;Ask;
2018-07-16T12:39:13.688Z;2803.25;2;Ask;
2018-07-16T12:39:13.688Z;2803;1;Bid;
2018-07-16T12:39:13.688Z;2803;1;Bid;
2018-07-16T12:39:13.993Z;2803;1;Bid;
2018-07-16T12:39:14.144Z;2803;1;Bid;
2018-07-16T12:39:14.144Z;2803;1;Bid;
2018-07-16T12:39:14.144Z;2803;1;Bid;
2018-07-16T12:39:16.111Z;2803;1;Bid;
2018-07-16T12:39:17.132Z;2803;1;Bid;
2018-07-16T12:39:17.132Z;2803;1;Bid;
2018-07-16T12:39:17.556Z;2803;1;Bid;
2018-07-16T12:39:18.539Z;2803;1;Bid;
2018-07-16T12:39:18.508Z;2803.25;1;Ask;
2018-07-16T12:39:18.508Z;2803.25;1;Ask;
2018-07-16T12:39:19.735Z;2803.25;1;Bid;
2018-07-16T12:39:19.626Z;2803.5;1;Ask;
2018-07-16T12:39:20.205Z;2803.5;1;Ask;
2018-07-16T12:39:20.456Z;2803.5;1;Ask;
2018-07-16T12:39:21.017Z;2803.5;1;;
2018-07-16T12:39:20.935Z;2803.25;1;Ask;
2018-07-16T12:39:21.207Z;2803.25;1;Ask;
2018-07-16T12:39:21.148Z;2803.25;1;Ask;
2018-07-16T12:39:21.425Z;2803.25;1;Ask;
2018-07-16T12:39:21.602Z;2803.25;1;Ask;
2018-07-16T12:39:22.074Z;2803.25;1;Ask;
2018-07-16T12:39:22.074Z;2803.25;1;Ask;
2018-07-16T12:39:22.531Z;2803.25;1;Ask;
2018-07-16T12:39:23.002Z;2803.25;1;Ask;
2018-07-16T12:39:24.803Z;2803.25;1;Ask;
2018-07-16T12:39:24.802Z;2803.25;5;Ask;
2018-07-16T12:39:24.969Z;2803.25;5;Ask;
2018-07-16T12:39:25.753Z;2803.25;5;Ask;
2018-07-16T17:53:55.533Z;2800.5;1;Bid;
2018-07-16T17:53:55.533Z;2800.5;1;Bid;
2018-07-16T17:53:55.533Z;2800.5;1;Bid;
2018-07-16T17:53:55.533Z;2800.5;1;Bid;
2018-07-16T17:53:57.190Z;2800.5;1;Bid;
2018-07-16T17:53:57.190Z;2800.5;1;Bid;
2018-07-16T17:53:57.947Z;2800.5;1;Bid;
2018-07-16T17:53:58.049Z;2800.5;1;Bid;
2018-07-16T17:53:58.049Z;2800.5;1;Bid;
2018-07-16T17:53:58.777Z;2800.5;1;Bid;
2018-07-16T17:53:58.782Z;2800.5;1;Bid;
2018-07-16T17:53:59.089Z;2800.5;1;Bid;
2018-07-16T17:53:59.089Z;2800.5;1;Bid;
2018-07-16T17:53:59.089Z;2800.5;1;Bid;
2018-07-16T17:54:00.034Z;2800.5;1;Bid;
2018-07-16T17:54:00.351Z;2800.5;1;Bid;
2018-07-16T17:54:00.519Z;2800.5;1;Bid;
2018-07-16T17:54:00.664Z;2800.5;1;Bid;
2018-07-16T17:54:01.172Z;2800.5;1;Bid;
2018-07-16T17:54:01.172Z;2800.5;1;Bid;
2018-07-16T17:54:01.439Z;2800.5;1;Bid;
2018-07-16T17:54:01.779Z;2800.5;1;Bid;
2018-07-16T17:54:01.864Z;2800.5;1;Bid;
2018-07-16T17:54:01.864Z;2800.5;1;Bid;
2018-07-16T17:54:02.380Z;2800.5;1;Bid;
2018-07-16T17:54:02.537Z;2800.5;1;Bid;
2018-07-16T17:54:02.536Z;2800.75;1;Ask;
2018-07-16T17:54:02.536Z;2800.75;1;Ask;
2018-07-16T17:54:02.536Z;2800.75;1;Ask;
2018-07-16T17:54:02.813Z;2800.75;1;Ask;
2018-07-16T17:54:02.813Z;2800.75;1;Ask;
2018-07-16T17:54:03.380Z;2800.75;1;Ask;
2018-07-16T17:54:03.574Z;2800.75;1;Ask;
2018-07-16T17:54:03.574Z;2800.75;1;Ask;
2018-07-16T17:54:03.921Z;2800.75;1;Ask;
2018-07-16T17:54:04.102Z;2800.75;1;Ask;
2018-07-16T17:54:04.101Z;2800.75;1;Ask;
2018-07-16T17:54:04.101Z;2800.75;1;Ask;
2018-07-16T17:54:04.291Z;2800.75;1;Ask;
2018-07-16T17:54:04.772Z;2800.75;1;Ask;
2018-07-16T17:54:05.168Z;2800.75;1;Ask;
2018-07-16T17:54:05.110Z;2800.5;1;Bid;
2018-07-16T17:54:05.110Z;2800.5;1;Bid;
2018-07-16T17:54:05.300Z;2800.5;1;Bid;
2018-07-16T17:54:05.587Z;2800.5;1;Bid;
2018-07-16T17:54:05.793Z;2800.5;1;Bid;
2018-07-16T17:54:05.965Z;2800.5;1;Bid;
2018-07-16T17:54:05.965Z;2800.5;1;Bid;
2018-07-16T17:54:05.965Z;2800.5;1;Bid;
2018-07-16T17:54:05.965Z;2800.5;1;Bid;
2018-07-16T17:54:07.340Z;2800.5;1;Bid;
2018-07-16T17:54:07.339Z;2800.5;1;Bid;
2018-07-16T17:54:07.582Z;2800.5;1;Bid;
2018-07-16T17:54:07.582Z;2800.5;1;Bid;
2018-07-16T17:54:07.582Z;2800.5;1;Bid;
2018-07-16T17:54:07.582Z;2800.5;1;Bid;
2018-07-16T17:54:09.416Z;2800.5;1;Bid;
2018-07-16T17:54:09.906Z;2800.5;1;Bid;
2018-07-16T17:54:10.027Z;2800.5;1;Bid;
2018-07-16T17:54:10.533Z;2800.5;1;Bid;
2018-07-16T17:54:10.704Z;2800.5;1;Bid;
2018-07-16T17:54:10.606Z;2800.5;3;Bid;
2018-07-16T17:54:10.606Z;2800.5;3;Bid;
2018-07-16T17:54:11.193Z;2800.5;3;Bid;
2018-07-16T17:54:11.193Z;2800.75;1;Ask;
2018-07-16T17:54:11.193Z;2800.75;1;Ask;
2018-07-16T17:54:11.327Z;2800.75;1;Ask;
2018-07-16T17:54:11.477Z;2800.75;1;Ask;
2018-07-16T17:54:11.768Z;2800.75;1;Ask;
2018-07-16T17:54:12.326Z;2800.75;1;Ask;
2018-07-16T17:54:12.326Z;2800.75;1;Ask;
2018-07-16T17:54:13.723Z;2800.75;1;Ask;
2018-07-16T17:54:13.722Z;2800.5;1;Bid;
2018-07-16T17:54:13.722Z;2800.5;1;Bid;
2018-07-16T17:54:13.722Z;2800.5;1;Bid;
2018-07-16T17:54:14.279Z;2800.5;1;Bid;
2018-07-16T17:54:14.585Z;2800.5;1;Bid;
2018-07-16T17:54:14.585Z;2800.5;1;Bid;
2018-07-16T17:54:14.834Z;2800.5;1;Bid;
2018-07-16T17:54:14.834Z;2800.5;1;Bid;
2018-07-16T17:54:16.597Z;2800.5;1;Bid;
2018-07-16T17:54:17.392Z;2800.5;1;Bid;
2018-07-16T17:54:17.447Z;2800.5;1;Bid;
2018-07-16T17:54:17.792Z;2800.5;1;Bid;
2018-07-16T17:54:17.862Z;2800.5;1;Bid;
2018-07-16T17:54:18.192Z;2800.5;1;Bid;
2018-07-16T17:54:18.192Z;2800.5;1;Bid;
2018-07-16T17:54:18.192Z;2800.5;1;Bid;
2018-07-16T17:54:19.006Z;2800.5;1;Bid;
2018-07-16T17:54:19.006Z;2800.5;1;Bid;
2018-07-16T17:54:19.006Z;2800.5;1;Bid;
2018-07-16T17:54:19.603Z;2800.5;1;Bid;
2018-07-16T17:54:19.535Z;2800.75;1;Ask;
2018-07-16T17:54:19.535Z;2800.75;1;Ask;
2018-07-16T17:54:19.711Z;2800.75;1;Ask;
2018-07-16T17:54:19.711Z;2800.75;1;Ask;
2018-07-16T17:54:20.079Z;2800.75;1;Ask;
2018-07-16T17:54:20.228Z;2800.75;1;Ask;
2018-07-16T17:54:20.478Z;2800.75;1;Ask;
2018-07-16T17:54:20.663Z;2800.75;1;Ask;
2018-07-16T17:54:20.663Z;2800.75;1;Ask;
2018-07-16T17:54:21.310Z;2800.75;1;Ask;
2018-07-16T17:54:21.310Z;2800.75;1;Ask;
2018-07-16T17:54:22.799Z;2800.75;1;Ask;
2018-07-16T17:54:23.015Z;2800.75;1;Ask;
2018-07-16T17:54:22.862Z;2800.75;5;Ask;
2018-07-16T17:54:22.862Z;2800.75;5;Ask;
2018-07-16T17:54:23.059Z;2800.75;5;Ask;
2018-07-16T17:54:23.059Z;2800.75;5;Ask;
2018-07-16T17:54:23.570Z;2800.75;5;Ask;
2018-07-16T17:54:23.691Z;2800.75;5;Ask;
2018-07-16T17:54:24.005Z;2800.75;5;Ask;
2018-07-16T17:54:24.427Z;2800.75;5;Ask;
2018-07-16T17:54:24.427Z;2800.75;5;Ask;
2018-07-16T17:54:25.420Z;2800.75;5;Ask;
2018-07-16T17:54:25.420Z;2800.75;5;Ask;
2018-07-16T17:54:25.778Z;2800.75;5;Ask;
2018-07-16T17:54:25.778Z;2800.75;5;Ask;
2018-07-16T17:54:25.778Z;2800.75;5;Ask;
2018-07-16T17:54:27.022Z;2800.75;5;Ask;
2018-07-16T17:54:27.222Z;2800.75;5;;
2018-07-16T17:54:27.178Z;2800.5;14;Ask;
2018-07-16T17:54:27.178Z;2800.5;14;Ask;
2018-07-16T17:54:27.196Z;2800.5;1;Ask;
2018-07-16T17:54:27.196Z;2800.5;1;Ask;
2018-07-16T17:54:27.376Z;2800.5;1;Ask;
2018-07-16T17:54:27.285Z;2800.25;2;Bid;
2018-07-16T17:54:27.392Z;2800.5;2;Ask;
2018-07-16T17:54:27.586Z;2800.5;2;Ask;
2018-07-16T17:54:27.418Z;2800.5;2;Ask;
2018-07-16T17:54:27.418Z;2800.5;2;Ask;
2018-07-16T17:54:27.701Z;2800.5;2;Ask;
2018-07-16T17:54:28.068Z;2800.5;2;Ask;
2018-07-16T17:54:28.294Z;2800.5;2;Ask;
2018-07-16T17:54:28.183Z;2800.5;3;Ask;
2018-07-16T17:54:28.183Z;2800.5;3;Ask;
2018-07-16T17:54:28.183Z;2800.5;3;Ask;
2018-07-16T17:54:28.670Z;2800.5;3;Ask;
2018-07-16T17:54:28.761Z;2800.5;3;Ask;
2018-07-16T17:54:29.421Z;2800.5;3;Ask;
2018-07-16T17:54:29.421Z;2800.5;3;Ask;
2018-07-16T17:54:29.421Z;2800.5;3;Ask;
2018-07-16T17:54:30.221Z;2800.5;3;Ask;
2018-07-16T17:54:30.197Z;2800.5;3;Ask;
2018-07-16T17:54:30.197Z;2800.5;3;Ask;
2018-07-16T17:54:30.197Z;2800.5;3;Ask;
2018-07-16T17:54:30.197Z;2800.5;3;Ask;
2018-07-16T17:54:31.281Z;2800.5;3;Ask;
2018-07-16T17:54:31.931Z;2800.5;3;Ask;
2018-07-16T17:54:32.110Z;2800.5;3;Ask;
2018-07-16T17:54:32.451Z;2800.5;3;Ask;
2018-07-16T17:54:32.682Z;2800.5;3;Ask;
2018-07-16T17:54:33.137Z;2800.5;3;Ask;
2018-07-16T17:54:33.336Z;2800.5;3;Ask;
2018-07-16T17:54:33.539Z;2800.5;3;Ask;
2018-07-16T17:54:33.650Z;2800.5;3;Ask;
2018-07-16T17:54:34.082Z;2800.5;3;Ask;
2018-07-16T17:54:34.295Z;2800.5;3;Ask;
2018-07-16T17:54:34.295Z;2800.5;3;Ask;
2018-07-16T17:54:34.295Z;2800.5;3;Ask;
2018-07-16T17:54:35.256Z;2800.5;3;Ask;
2018-07-16T17:54:35.754Z;2800.5;3;Ask;
2018-07-16T17:54:35.754Z;2800.5;3;Ask;
2018-07-16T17:54:35.754Z;2800.5;3;Ask;
2018-07-16T17:54:36.762Z;2800.5;3;Ask;
2018-07-16T17:54:36.853Z;2800.5;3;Ask;
2018-07-16T17:54:37.189Z;2800.5;3;Ask;
2018-07-16T17:54:37.189Z;2800.5;3;Ask;
2018-07-16T17:54:37.933Z;2800.5;3;Ask;
2018-07-16T17:54:38.106Z;2800.5;3;Ask;
2018-07-16T17:54:38.106Z;2800.5;3;Ask;
2018-07-16T17:54:38.920Z;2800.5;3;Ask;
2018-07-16T17:54:39.139Z;2800.5;3;Ask;
2018-07-16T17:54:39.286Z;2800.5;3;Ask;
2018-07-16T17:54:39.286Z;2800.5;3;Ask;
2018-07-16T17:54:39.701Z;2800.5;3;Ask;
2018-07-16T17:54:40.027Z;2800.5;3;Ask;
2018-07-16T17:54:40.325Z;2800.5;3;Ask;
2018-07-16T17:54:41.098Z;2800.5;3;Ask;
2018-07-16T17:54:41.259Z;2800.5;3;Ask;
2018-07-16T17:54:41.259Z;2800.5;3;Ask;
2018-07-16T17:54:41.973Z;2800.5;3;Ask;
2018-07-16T17:54:42.097Z;2800.5;3;Ask;
2018-07-16T17:54:41.982Z;2800.5;1;Ask;
2018-07-16T17:54:41.982Z;2800.5;1;Ask;
2018-07-16T17:54:42.087Z;2800.25;1;Bid;
2018-07-16T17:54:42.087Z;2800.25;1;Bid;
2018-07-16T17:54:42.372Z;2800.25;1;Bid;
2018-07-16T17:54:42.488Z;2800.25;1;Bid;
2018-07-16T17:54:42.611Z;2800.25;1;Bid;
2018-07-16T17:54:42.763Z;2800.25;1;Bid;
2018-07-16T17:54:42.696Z;2800.25;1;Bid;
2018-07-16T17:54:42.696Z;2800.25;1;Bid;
2018-07-16T17:54:42.696Z;2800.25;1;Bid;
2018-07-16T17:54:42.696Z;2800.25;1;Bid;
2018-07-16T17:54:43.337Z;2800.25;1;Bid;
2018-07-16T17:54:43.307Z;2800.25;1;Bid;
2018-07-16T17:54:43.730Z;2800.25;1;Bid;
2018-07-16T17:54:43.656Z;2800.25;2;Bid;
2018-07-16T17:54:43.656Z;2800.25;2;Bid;
2018-07-16T17:54:43.937Z;2800.25;2;Bid;
2018-07-16T17:54:43.936Z;2800.25;1;Bid;
2018-07-16T17:54:44.107Z;2800.25;1;Bid;
2018-07-16T17:54:44.475Z;2800.25;1;Bid;
2018-07-16T17:54:44.781Z;2800.25;1;Bid;
2018-07-16T17:54:44.987Z;2800.25;1;Bid;
2018-07-16T17:54:44.986Z;2800.5;1;Ask;
2018-07-16T17:54:44.986Z;2800.5;1;Ask;
2018-07-16T17:54:45.064Z;2800.5;1;Ask;
2018-07-16T17:54:45.521Z;2800.5;1;Ask;
2018-07-16T17:54:45.521Z;2800.5;1;Ask;
2018-07-16T17:54:45.521Z;2800.5;1;Ask;
2018-07-16T17:54:46.036Z;2800.5;1;Ask;
2018-07-16T17:54:46.729Z;2800.5;1;Ask;
2018-07-16T17:54:46.729Z;2800.5;1;Ask;
2018-07-16T17:54:47.042Z;2800.5;1;Ask;
2018-07-16T17:54:47.042Z;2800.5;1;Ask;
2018-07-16T17:54:47.422Z;2800.5;1;Ask;
2018-07-16T17:54:47.422Z;2800.5;1;Ask;
2018-07-16T17:54:48.379Z;2800.5;1;Ask;
2018-07-16T17:54:48.275Z;2800.25;1;Bid;
2018-07-16T17:54:48.275Z;2800.25;1;Bid;
2018-07-16T17:54:48.275Z;2800.25;1;Bid;
2018-07-16T17:54:48.773Z;2800.25;1;Bid;
2018-07-16T17:54:48.773Z;2800.25;1;Bid;
2018-07-16T17:54:49.018Z;2800.25;1;Bid;
2018-07-16T17:54:49.354Z;2800.25;1;Bid;
2018-07-16T17:54:49.795Z;2800.25;1;Bid;
2018-07-16T17:54:50.208Z;2800.25;1;Bid;
2018-07-16T17:54:50.330Z;2800.25;1;Bid;
2018-07-16T17:54:51.184Z;2800.25;1;Bid;
2018-07-16T17:54:51.294Z;2800.25;1;Bid;
2018-07-16T17:54:51.498Z;2800.25;1;Bid;
2018-07-16T17:54:51.659Z;2800.25;1;Bid;
2018-07-16T17:54:51.659Z;2800.25;1;Bid;
2018-07-16T17:54:52.266Z;2800.25;1;Bid;
2018-07-16T17:54:52.602Z;2800.25;1;Bid;
2018-07-16T17:54:52.602Z;2800.25;1;Bid;
2018-07-16T17:54:52.602Z;2800.25;1;Bid;
2018-07-16T17:54:53.488Z;2800.25;1;Bid;
2018-07-16T17:54:53.808Z;2800.25;1;Bid;
2018-07-16T17:54:53.808Z;2800.25;1;Bid;
2018-07-16T17:54:54.395Z;2800.25;1;Bid;
2018-07-16T17:54:54.267Z;2800.5;1;Ask;
2018-07-16T17:54:54.267Z;2800.5;1;Ask;
2018-07-16T17:54:54.597Z;2800.5;1;Ask;
2018-07-16T17:54:55.018Z;2800.5;1;Ask;
2018-07-16T17:54:55.018Z;2800.5;1;Ask;
2018-07-16T17:54:55.299Z;2800.5;1;Ask;
2018-07-16T17:54:55.299Z;2800.5;1;Ask;
2018-07-16T17:54:56.196Z;2800.5;1;Ask;
2018-07-16T17:54:57.197Z;2800.5;1;Ask;
2018-07-16T17:54:57.197Z;2800.5;1;Ask;
2018-07-16T17:54:57.197Z;2800.5;1;Ask;
2018-07-16T17:54:57.197Z;2800.5;1;Ask;
2018-07-16T17:54:58.845Z;2800.5;1;Ask;
2018-07-16T17:54:59.055Z;2800.5;1;Ask;
2018-07-16T17:54:59.549Z;2800.5;1;Ask;
2018-07-16T17:54:59.548Z;2800.5;4;Ask;
2018-07-16T17:54:59.548Z;2800.5;4;Ask;
2018-07-16T17:54:59.548Z;2800.5;4;Ask;
2018-07-16T17:55:00.212Z;2800.5;4;Ask;
2018-07-16T17:55:00.278Z;2800.5;4;Ask;
2018-07-16T17:55:00.278Z;2800.5;4;Ask;
2018-07-16T17:55:00.810Z;2800.5;4;Ask;
2018-07-16T17:55:00.994Z;2800.5;4;Ask;
2018-07-16T17:55:01.089Z;2800.5;4;Ask;
2018-07-16T17:55:01.089Z;2800.5;4;Ask;
2018-07-16T17:55:01.089Z;2800.5;4;Ask;
2018-07-16T17:55:01.844Z;2800.5;4;Ask;
2018-07-16T17:55:02.739Z;2800.5;4;Ask;
2018-07-16T17:55:02.739Z;2800.5;4;Ask;
2018-07-16T17:55:03.389Z;2800.5;4;Ask;
2018-07-16T17:55:03.389Z;2800.5;1;Ask;
2018-07-16T17:55:03.389Z;2800.5;1;Ask;
2018-07-16T17:55:03.545Z;2800.5;1;Ask;
2018-07-16T17:55:03.680Z;2800.5;1;Ask;
2018-07-16T17:55:03.680Z;2800.5;1;Ask;
2018-07-16T17:55:03.680Z;2800.5;1;Ask;
2018-07-16T17:55:04.923Z;2800.5;1;Ask;
2018-07-16T17:55:05.430Z;2800.5;1;Ask;
2018-07-16T17:55:05.428Z;2800.5;1;Ask;
2018-07-16T17:55:05.428Z;2800.5;1;Ask;
2018-07-16T17:55:05.573Z;2800.5;1;Ask;
2018-07-16T17:55:05.457Z;2800.5;1;Ask;
2018-07-16T17:55:05.457Z;2800.5;1;Ask;
2018-07-16T17:55:05.457Z;2800.5;1;Ask;
2018-07-16T17:55:05.951Z;2800.5;1;Ask;
2018-07-16T17:55:05.951Z;2800.5;1;Ask;
2018-07-16T17:55:05.951Z;2800.5;1;Ask;
2018-07-16T17:55:06.906Z;2800.5;1;Ask;
2018-07-16T17:55:07.112Z;2800.5;1;Ask;
2018-07-16T17:55:07.329Z;2800.5;1;Ask;
2018-07-16T17:55:07.329Z;2800.5;1;Ask;
2018-07-16T17:55:07.674Z;2800.5;1;Ask;
2018-07-16T17:55:08.008Z;2800.5;1;Ask;
2018-07-16T17:55:08.234Z;2800.5;1;Ask;
2018-07-16T17:55:08.442Z;2800.5;1;Ask;
2018-07-16T17:55:08.442Z;2800.5;1;Ask;
2018-07-16T17:55:08.736Z;2800.5;1;Ask;
2018-07-16T17:55:08.736Z;2800.5;1;Ask;
2018-07-16T17:55:09.125Z;2800.5;1;Ask;
2018-07-16T17:55:09.619Z;2800.5;1;Ask;
2018-07-16T17:55:09.619Z;2800.5;1;Ask;
2018-07-16T17:55:10.441Z;2800.5;1;Ask;
2018-07-16T17:55:10.441Z;2800.25;1;Bid;
2018-07-16T17:55:10.441Z;2800.25;1;Bid;
2018-07-16T17:55:10.441Z;2800.25;1;Bid;
2018-07-16T17:55:10.985Z;2800.25;1;Bid;
2018-07-16T17:55:10.985Z;2800.25;1;Bid;
2018-07-16T17:55:10.985Z;2800.25;1;Bid;
2018-07-16T17:55:11.773Z;2800.25;1;Bid;
2018-07-16T17:55:12.006Z;2800.25;1;Bid;
2018-07-16T17:55:11.971Z;2800.25;2;Bid;
2018-07-16T17:55:11.971Z;2800.25;2;Bid;
2018-07-16T17:55:12.545Z;2800.25;2;Bid;
2018-07-16T17:55:13.400Z;2800.25;2;Bid;
2018-07-16T17:55:13.310Z;2800.5;1;Ask;
2018-07-16T17:55:13.310Z;2800.5;1;Ask;
2018-07-16T17:55:13.565Z;2800.5;1;Ask;
2018-07-16T17:55:13.565Z;2800.5;3;Ask;
2018-07-16T17:55:13.854Z;2800.5;3;Bid;
2018-07-16T17:55:13.774Z;2800.5;2;Bid;
2018-07-16T17:55:13.991Z;2800.5;2;Bid;
2018-07-16T17:55:14.263Z;2800.5;2;Bid;
2018-07-16T17:55:14.263Z;2800.5;2;Bid;
2018-07-16T17:55:14.630Z;2800.5;2;Bid;
2018-07-16T17:55:14.630Z;2800.5;2;Bid;
2018-07-16T17:55:15.093Z;2800.5;2;Bid;
2018-07-16T17:55:15.271Z;2800.5;2;Bid;
2018-07-16T17:55:15.500Z;2800.5;2;Bid;
2018-07-16T17:55:15.675Z;2800.5;2;Bid;
2018-07-16T17:55:15.845Z;2800.5;2;Bid;
2018-07-16T17:55:15.845Z;2800.5;2;Bid;
2018-07-16T17:55:16.348Z;2800.5;2;Bid;
2018-07-16T17:55:16.348Z;2800.5;2;Bid;
2018-07-16T17:55:16.783Z;2800.5;2;Bid;
2018-07-16T17:55:17.090Z;2800.5;2;Bid;
2018-07-16T17:55:17.253Z;2800.5;2;Bid;
2018-07-16T17:55:17.253Z;2800.5;2;Bid;
2018-07-16T17:55:17.671Z;2800.5;2;Bid;
2018-07-16T17:55:17.671Z;2800.5;2;Bid;
2018-07-16T17:55:18.215Z;2800.5;2;Bid;
2018-07-16T17:55:18.452Z;2800.5;2;Bid;
2018-07-16T17:55:18.452Z;2800.5;2;Bid;
2018-07-16T17:55:18.452Z;2800.5;2;Bid;
2018-07-16T17:55:19.837Z;2800.5;2;Bid;
