2018-07-16T12:38:41.045Z;2803.5;2;Ask;
2018-07-16T12:38:41.538Z;2803.5;2;Ask;
2018-07-16T12:38:41.730Z;2803.5;2;Ask;
2018-07-16T12:38:41.928Z;2803.5;2;Ask;
2018-07-16T12:38:42.178Z;2803.5;2;Ask;
2018-07-16T12:38:42.546Z;2803.5;2;Ask;
2018-07-16T12:38:42.546Z;2803.5;2;Ask;
2018-07-16T12:38:42.546Z;2803.5;2;Ask;
2018-07-16T12:38:43.717Z;2803.5;2;Ask;
2018-07-16T12:38:44.725Z;2803.5;2;Ask;
2018-07-16T12:38:45.115Z;2803.5;2;Ask;
2018-07-16T12:38:45.115Z;2803.5;2;Ask;
2018-07-16T12:38:45.756Z;2803.5;2;Ask;
2018-07-16T12:38:45.961Z;2803.5;2;Ask;
2018-07-16T12:38:46.070Z;2803.5;2;Ask;
2018-07-16T12:38:47.290Z;2803.5;2;Ask;
2018-07-16T12:38:47.417Z;2803.5;2;Ask;
2018-07-16T12:38:47.417Z;2803.5;2;Ask;
2018-07-16T12:38:47.965Z;2803.5;2;Ask;
2018-07-16T12:38:48.028Z;2803.5;2;Ask;
2018-07-16T12:38:48.697Z;2803.5;2;Ask;
2018-07-16T12:38:49.336Z;2803.5;2;Ask;
2018-07-16T12:38:49.336Z;2803.5;2;Ask;
2018-07-16T12:38:49.884Z;2803.5;2;Ask;
2018-07-16T12:38:49.884Z;2803.5;2;Ask;
2018-07-16T12:38:49.884Z;2803.5;2;Ask;
2018-07-16T12:38:52.488Z;2803.5;2;Ask;
2018-07-16T12:38:52.950Z;2803.5;2;Ask;
2018-07-16T12:38:53.157Z;2803.5;2;Ask;
2018-07-16T12:38:53.943Z;2803.5;2;Ask;
2018-07-16T12:38:53.943Z;2803.5;2;Ask;
2018-07-16T12:38:54.362Z;2803.5;2;Ask;
2018-07-16T12:38:54.362Z;2803.5;2;Ask;
2018-07-16T12:38:54.362Z;2803.5;2;Ask;
2018-07-16T12:38:54.362Z;2803.5;2;Ask;
2018-07-16T12:38:55.962Z;2803.5;2;Ask;
2018-07-16T12:38:56.326Z;2803.5;2;Ask;
2018-07-16T12:38:56.287Z;2803.25;1;Bid;
2018-07-16T12:38:56.287Z;2803.25;1;Bid;
2018-07-16T12:38:56.472Z;2803.25;1;Bid;
2018-07-16T12:38:56.626Z;2803.25;1;Bid;
2018-07-16T12:38:56.928Z;2803.25;1;Bid;
2018-07-16T12:38:57.354Z;2803.25;1;Bid;
2018-07-16T12:38:57.354Z;2803.25;1;Bid;
2018-07-16T12:38:58.071Z;2803.25;1;Bid;
2018-07-16T12:38:58.071Z;2803.25;1;Bid;
2018-07-16T12:38:58.071Z;2803.25;1;Bid;
2018-07-16T12:38:59.805Z;2803.25;1;Bid;
2018-07-16T12:38:59.793Z;2803.25;6;Bid;
2018-07-16T12:39:00.326Z;2803.25;6;Bid;
2018-07-16T12:39:00.319Z;2803.5;1;Ask;
2018-07-16T12:39:00.319Z;2803.5;1;Ask;
2018-07-16T12:39:00.523Z;2803.5;1;Ask;
2018-07-16T12:39:00.659Z;2803.5;1;Ask;
2018-07-16T12:39:00.628Z;2803.25;1;Bid;
2018-07-16T12:39:00.815Z;2803.25;1;Bid;
2018-07-16T12:39:01.135Z;2803.25;1;Bid;
2018-07-16T12:39:01.356Z;2803.25;1;Bid;
2018-07-16T12:39:01.715Z;2803.25;1;Bid;
2018-07-16T12:39:02.066Z;2803.25;1;Bid;
2018-07-16T12:39:02.211Z;2803.25;1;Bid;
2018-07-16T12:39:02.460Z;2803.25;1;Bid;
2018-07-16T12:39:02.460Z;2803.25;1;Bid;
2018-07-16T12:39:02.914Z;2803.25;1;Bid;
2018-07-16T12:39:03.373Z;2803.25;1;Ask;
2018-07-16T12:39:03.254Z;2803;3;Bid;
2018-07-16T12:39:03.349Z;2803.25;2;Ask;
2018-07-16T12:39:03.548Z;2803.25;2;Ask;
2018-07-16T12:39:03.897Z;2803.25;2;Ask;
2018-07-16T12:39:04.369Z;2803.25;2;Ask;
2018-07-16T12:39:04.509Z;2803.25;2;Ask;
2018-07-16T12:39:04.449Z;2803.25;2;Ask;
2018-07-16T12:39:04.449Z;2803.25;2;Ask;
2018-07-16T12:39:04.449Z;2803.25;2;Ask;
2018-07-16T12:39:04.947Z;2803.25;2;Ask;
2018-07-16T12:39:04.947Z;2803.25;2;Ask;
2018-07-16T12:39:05.296Z;2803.25;2;Ask;
2018-07-16T12:39:05.896Z;2803.25;2;Ask;
2018-07-16T12:39:06.373Z;2803.25;2;Ask;
2018-07-16T12:39:06.373Z;2803.25;2;Ask;
2018-07-16T12:39:07.178Z;2803.25;2;Ask;
2018-07-16T12:39:07.178Z;2803.25;2;Ask;
2018-07-16T12:39:07.385Z;2803.25;2;Ask;
2018-07-16T12:39:07.784Z;2803.25;2;Ask;
2018-07-16T12:39:07.788Z;2803.25;2;Ask;
2018-07-16T12:39:07.788Z;2803.25;2;Ask;
2018-07-16T12:39:08.267Z;2803.25;2;Ask;
2018-07-16T12:39:08.267Z;2803.25;2;Ask;
2018-07-16T12:39:09.788Z;2803.25;2;Ask;
2018-07-16T12:39:09.788Z;2803.25;2;Ask;
2018-07-16T12:39:10.119Z;2803.25;2;Ask;
2018-07-16T12:39:10.119Z;2803.25;2;Ask;
2018-07-16T12:39:10.119Z;2803.25;2;Ask;
2018-07-16T12:39:10.119Z;2803.25;2;Ask;
2018-07-16T12:39:11.743Z;2803.25;2;Ask;
2018-07-16T12:39:11.960Z;2803.25;2;Ask;
2018-07-16T12:39:11.960Z;2803.25;2;Ask;
2018-07-16T12:39:13.134Z;2803.25;2;Ask;
2018-07-16T12:39:13.134Z;2803.25;2;Ask;
2018-07-16T12:39:13.688Z;2803.25;2;Ask;
2018-07-16T12:39:13.688Z;2803;1;Bid;
2018-07-16T12:39:13.688Z;2803;1;Bid;
2018-07-16T12:39:13.993Z;2803;1;Bid;
2018-07-16T12:39:14.144Z;2803;1;Bid;
2018-07-16T12:39:14.144Z;2803;1;Bid;
2018-07-16T12:39:14.144Z;2803;1;Bid;
2018-07-16T12:39:16.111Z;2803;1;Bid;
2018-07-16T12:39:17.132Z;2803;1;Bid;
2018-07-16T12:39:17.132Z;2803;1;Bid;
2018-07-16T12:39:17.556Z;2803;1;Bid;
2018-07-16T12:39:18.539Z;2803;1;Bid;
2018-07-16T12:39:18.508Z;2803.25;1;Ask;
2018-07-16T12:39:18.508Z;2803.25;1;Ask;
2018-07-16T12:39:19.735Z;2803.25;1;Bid;
2018-07-16T12:39:19.626Z;2803.5;1;Ask;
2018-07-16T12:39:20.205Z;2803.5;1;Ask;
2018-07-16T12:39:20.456Z;2803.5;1;Ask;
2018-07-16T12:39:21.017Z;2803.5;1;;
2018-07-16T12:39:20.935Z;2803.25;1;Ask;
2018-07-16T12:39:21.207Z;2803.25;1;Ask;
2018-07-16T12:39:21.148Z;2803.25;1;Ask;
2018-07-16T12:39:21.425Z;2803.25;1;Ask;
2018-07-16T12:39:21.602Z;2803.25;1;Ask;
2018-07-16T12:39:22.074Z;2803.25;1;Ask;
2018-07-16T12:39:22.074Z;2803.25;1;Ask;
2018-07-16T12:39:22.531Z;2803.25;1;Ask;
2018-07-16T12:39:23.002Z;2803.25;1;Ask;
2018-07-16T12:39:24.803Z;2803.25;1;Ask;
2018-07-16T12:39:24.802Z;2803.25;5;Ask;
2018-07-16T12:39:24.969Z;2803.25;5;Ask;
2018-07-16T12:39:25.753Z;2803.25;5;Ask;
